%ok : (1)
@inproceedings{
    mirai_botnet,
    title       = {Understanding the Mirai Botnet},
    booktitle   = {USENIX Security Symposium},
    author      = {Antonakaki, Manos and April, Tim and Bailey, Michael and Bernhard, Matt and Bursztein, Elie and Cochran, Jaime and Durumeric, Zakir and Halderman, J. Alex and Invernizzi, Luca and Kumar, Deepak and Lever, Chaz and Ma, Zane and Mason, Joshua and Menscher, Damian and Seaman, Chad and Sullivan, Nick and Thomas, Kurt and Zhou, Yi},
    year        = {2017},
    url         = {https://www.usenix.org/system/files/conference/usenixsecurity17/sec17-antonakakis.pdf}
}

%ok : [1]
@inproceedings{
    clark_wattsupdoc,
    author      = {Shane S. Clark and Benjamin Ransford and Amir Rahmati and Shane Guineau and Jacob Sorber and Wenyuan Xu and Kevin Fu},
    title       = {WattsUpDoc: Power Side Channels to Nonintrusively Discover Untargeted Malware on Embedded Medical Devices},
    booktitle   = {Presented as part of the 2013 {USENIX} Workshop on Health Information Technologies},
    year        = {2013},
    address     = {Washington, D.C.},
    url         = {https://www.usenix.org/conference/healthtech13/workshop-program/presentation/Clark},
    publisher   = {{USENIX}},
    pages       = {11}
}

%ok : [2]
@inproceedings{
    liu_code,
	title       = {On {Code} {Execution} {Tracking} via {Power} {Side}-{Channel}},
	booktitle   = {Proceedings of the 2016 {ACM} {SIGSAC} {Conference} on {Computer} and {Communications} {Security} - {CCS}'16},
	author      = {Liu, Yannan and Wei, Lingxiao and Zhou, Zhe and Zhang, Kehuan and Xu, Wenyuan and Xu, Qiang},
	year        = {2016},
	doi         = {10.1145/2976749.2978299},
	url         = {https://doi.org/10.1145/2976749.2978299},
	pages       = {1019--1031}
}

%ok : [3]
@inproceedings{
    myridakis_anomaly,
	title   = {Anomaly detection in {IoT} devices via monitoring of supply current},
	booktitle = {21st Pan-Hellenic Conference},
	author  = {Myridakis, D. and Spathoulas, G. and Kakarountas, A. and Schoinianakisy, D. and Lueken, Joachim},
	month   = sep,
	year    = {2018},
	doi     = {10.1109/ICCE-Berlin.2018.8576178},
	url     = {https://doi.org/10.1109/ICCE-Berlin.2018.8576178},
	pages   = {1--4},
}

%ok : [4]
@inproceedings{
    em_fault_injection_sensor,
    author      = {J. Breier and S. Bhasin and W. He},
    booktitle   = {2017 18th International Symposium on Quality Electronic Design (ISQED)},
    title       = {An electromagnetic fault injection sensor using Hogge phase-detector},
    year        = {2017},
    pages       = {307-312},
    doi         = {10.1109/ISQED.2017.7918333},
    url         = {https://doi.org/10.1109/ISQED.2017.7918333},
    ISSN        = {1948-3287},
    month       = {March}
}

%ok : [5]
@inproceedings{
    trojan_detection_em_measure,
    title     = {{Hardware Trojan Detection by Delay and Electromagnetic Measurements}},
    author    = {Ngo, X-T and Exurville, I and Bhasin, S and Danger, J-L and Guilley, S and Najm, Z and Rigaud, Jean-Baptiste and Robisson, Bruno},
    url       = {https://hal.archives-ouvertes.fr/hal-01240239/file/15_DATE_Trojans.pdf},
    booktitle = {{Design, Automation and Test in Europe 2015}},
    address   = {Grenoble, France},
    year      = {2015},
    month     = Mar,
    doi       = {10.7873/DATE.2015.1103},
    pdf       = {https://hal.archives-ouvertes.fr/hal-01240239/file/15_DATE_Trojans.pdf},
    HAL_ID    = {hal-01240239},
    HAL_VERSION = {v1},
}

%ok : [6]
@article{
    nazari_eddie,
    author  = {Nazari, Alireza and Sehatbakhsh, Nader and Alam, Monjur and Zajic, A and Prvulovic, Milos},
    year    = {2017},
    month   = jun,
    pages   = {333-346},
    title   = {EDDIE: EM-Based Detection of Deviations in Program Execution},
    volume  = {45},
    journal = {ACM SIGARCH Computer Architecture News},
    url     = {https://doi.org/10.1145/3140659.3080223},
    doi     = {10.1145/3140659.3080223}
}

%ok : [7]
@article{
    iot_em_threat_detection,
	title   = {Electromagnetic threat detection and mitigation in the internet of things},
	author  = {Baxley, Robert John and Rouland, Christopher Jay},
	month   = dec,
	year    = {2015},
	url     = {https://patents.justia.com/patent/20150350228},
	pages   = {10},
	journal = {United States Patent Application Publication}
}

%ok : [8]
@Article{
    cano_review_of_audio_fingerprinting,
    author  = "Cano, Pedro and Batlle, Eloi and Kalker, Ton and Haitsma, Jaap",
    title   = "A Review of Audio Fingerprinting",
    journal = "Journal of VLSI signal processing systems for signal, image and video technology",
    year    = "2005",
    month   = "Nov",
    day     = "01",
    volume  = "41",
    number  = "3",
    pages   = "271--284",
    issn    = "0922-5773",
    doi     = "10.1007/s11265-005-4151-3",
    url     = "https://doi.org/10.1007/s11265-005-4151-3"
}

% : [9]
@article{
    belikovetsky_detecting,
	title   = {Detecting {Cyber}-{Physical} {Attacks} in {Additive} {Manufacturing} using {Digital} {Audio} {Signing}},
	author  = {Belikovetsky, Sofia and Solewicz, Yosef and Yampolskiy, Mark and Toh, Jinghui and Elovici, Yuval},
	month   = may,
	year    = {2017},
	url     = {https://arxiv.org/pdf/1705.06454v1.pdf},
	journal = {}
}
